@book{smith1999wealth,
  title={Wealth of nations},
  author={Smith, A.},
  year={1999},
  publisher={Wiley Online Library}
}

@article{milchtaich1996congestion,
  title={Congestion games with player-specific payoff functions},
  author={Milchtaich, Igal},
  journal={Games and economic behavior},
  volume={13},
  number={1},
  pages={111--124},
  year={1996},
  publisher={Elsevier}
}

@article{monderer1996potential,
  title={Potential games},
  author={Monderer, Dov and Shapley, Lloyd S},
  journal={Games and economic behavior},
  volume={14},
  number={1},
  pages={124--143},
  year={1996},
  publisher={Elsevier}
}

@article{chien2011convergence,
  title={Convergence to approximate Nash equilibria in congestion games},
  author={Chien, Steve and Sinclair, Alistair},
  journal={Games and Economic Behavior},
  volume={71},
  number={2},
  pages={315--327},
  year={2011},
  publisher={Elsevier}
}


@article{horton2011online,
  title={The online laboratory: Conducting experiments in a real labor market},
  author={Horton, John J and Rand, David G and Zeckhauser, Richard J},
  journal={Experimental Economics},
  volume={14},
  number={3},
  pages={399--425},
  year={2011},
  publisher={Springer}
}
